<record><leader>00000cas a22000007a 4500</leader><controlfield tag="001">15277981</controlfield><controlfield tag="008">870306d19241955inuwr ne      0    0eng d</controlfield><datafield ind1=" " ind2=" " tag="010"><subfield code="a">sn 87055438 </subfield></datafield><datafield ind1=" " ind2=" " tag="040"><subfield code="a">NPI</subfield><subfield code="b">eng</subfield><subfield code="c">NPI</subfield><subfield code="d">OCLCQ</subfield></datafield><datafield ind1=" " ind2=" " tag="042"><subfield code="a">msc</subfield></datafield><datafield ind1="0" ind2="0" tag="245"><subfield code="a">Waveland independent.</subfield></datafield><datafield ind1=" " ind2=" " tag="260"><subfield code="a">Waveland, Ind. :</subfield><subfield code="b">T.E. &amp; Louise Huston,</subfield><subfield code="c">1924-1955.</subfield></datafield><datafield ind1=" " ind2=" " tag="300"><subfield code="a">31 v.</subfield></datafield><datafield ind1=" " ind2=" " tag="310"><subfield code="a">Weekly</subfield></datafield><datafield ind1="0" ind2=" " tag="362"><subfield code="a">Vol. 38, no. 8 (Feb. 22, 1924)-v. 68, no. 34 (Sept. 1, 1955).</subfield></datafield><datafield ind1=" " ind2=" " tag="588"><subfield code="a">Description based on: Vol. 44, no. 1 (Jan. 3, 1930).</subfield></datafield><datafield ind1=" " ind2=" " tag="752"><subfield code="a">United States</subfield><subfield code="b">Indiana</subfield><subfield code="c">Montgomery</subfield><subfield code="d">Waveland.</subfield></datafield><datafield ind1="0" ind2="0" tag="780"><subfield code="t">Independent (Waveland, Ind.)</subfield><subfield code="w">(DLC)sn 87056385</subfield></datafield><datafield ind1="0" ind2="0" tag="785"><subfield code="t">Tri-county news, and the Waveland independent</subfield><subfield code="w">(DLC)sn 87055439</subfield></datafield></record>